@misc{website:halo2-book,
  title = {The halo2 Book},
  url   = {https://zcash.github.io/halo2/design/gadgets/ecc/addition.html}
}